@article{artin-ag1,
	author = "Michael Artin and Allyn Jackson and David Mumford and John Tate",
	title = "Alexandre Grothendieck 1928-2014, Part 1",
	journal = "Notices of the AMS",
	volume = "63",
	number = "3",
	pages = "242--265",
	year = "2016",
	month = "March",
	url = "https://www.ams.org/publications/journals/notices/201603/rnoti-p242.pdf"
}

@article{artin-ag2,
	author = "Michael Artin and Allyn Jackson and David Mumford and John Tate",
	title = "Alexandre Grothendieck 1928-2014, Part 2",
	journal = "Notices of the AMS",
	volume = "63",
	number = "2",
	pages = "401--413",
	year = "2016",
	month = "April",
	url = "https://www.ams.org/publications/journals/notices/201604/rnoti-p401.pdf"
}

@book{poincare-sm,
	author= "Henri Poincar\'{e}",
	title = "Science and Method",
	translator = "Francis Maitland",
	publisher = "Thomas Nelson and Sons, London",
	year = "1914",
	note = "Digitized by the Internet Archive in 2008 with funding from Microsoft Corporation",
	url = "http://www.archive.org/details//sciencemethod00poinuoft"
}

@inbook{poincare-fm,
	chapter = "I.II. The Future of Mathematics",
	pages ="34",
	url = "http://www-history.mcs.st-andrews.ac.uk/Extras/Poincare_Future.html",
	crossref = "poincare-sm"
}

@book{spivey-fm,
	author = "Mike Spivey",
	title = {The \fuzz\ Manual},
	edition = "Second Edition",
	publisher = "The Spivey Partnership",
	year = "2000",
	url = "http://spivey.oriel.ox.ac.uk/mike/fuzz/fuzzman.pdf"
}

@online{susskind-gr3,
	author = "Leonard Susskind",
	title = "General Relativity Lecture 3",
	publisher = "Stanford University",
	date = "2012-10-08",
	url = "https://youtu.be/cyW0LWEACfI"
}

@online{villani-hbm,
	author = "C\'{e}dric Villani",
	title = "Cedric Villani: The Hidden Beauty of Mathematics - Spring 2017 Wall Exchange",
	publisher = "Peter Wall Institute for Advanced Studies",
	year = "2017",
	url = "https://youtu.be/v-d0ruh0CHU?t=1823"
}


@article{einstein,
  author =       "Albert Einstein",
  title =        "{Zur Elektrodynamik bewegter K{\"o}rper}. ({German})
                 [{On} the electrodynamics of moving bodies]",
  journal =      "Annalen der Physik",
  volume =       "322",
  number =       "10",
  pages =        "891--921",
  year =         "1905",
  DOI =          "http://dx.doi.org/10.1002/andp.19053221004",
  keywords =     "physics"
}

@book{dirac,
  title={The Principles of Quantum Mechanics},
  author={Paul Adrien Maurice Dirac},
  isbn={9780198520115},
  series={International series of monographs on physics},
  year={1981},
  publisher={Clarendon Press},
  keywords = {physics}
}

@book{latexcompanion,
    author    = "Michel Goossens and Frank Mittelbach and Alexander Samarin",
    title     = "The \LaTeX\ Companion",
    year      = "1993",
    publisher = "Addison-Wesley",
    address   = "Reading, Massachusetts",
    keywords  = "latex"
}
 
@online{knuthwebsite,
    author    = "Donald Knuth",
    title     = "Knuth: Computers and Typesetting",
    url       = "http://www-cs-faculty.stanford.edu/~uno/abcde.html",
    addendum = "(accessed: 01.09.2016)",
    keywords  = "latex,knuth"
}

@inbook{knuth-fa,
   author = "Donald E. Knuth",
   title = "Fundamental Algorithms",
   publisher = "Addison-Wesley",
   year = "1973",
   chapter = "1.2",
   keywords  = "knuth,programming"
}

@book{knuth-acp,
   author = "Donald E. Knuth",
   publisher = "Addison-Wesley",
   title = "The Art of Computer Programming",
   series = "Four volumes",
   year = "1968",
   note = "Seven volumes planned",
   keywords  = "knuth,programming"
}

@article{ctan,
    author  = "George D. Greenwade",
    title   = "The {C}omprehensive {T}ex {A}rchive {N}etwork ({CTAN})",
    year    = "1993",
    journal = "TUGBoat",
    volume  = "14",
    number  = "3",
    pages   = "342--351",
    keywords  = "latex"
}

